<record><leader>00000cas a22000007a 4500</leader><controlfield tag="001">20301458</controlfield><controlfield tag="008">890905d19621964ndudn ne      0    0eng d</controlfield><datafield ind1=" " ind2=" " tag="010"><subfield code="a">sn 89074280 </subfield></datafield><datafield ind1=" " ind2=" " tag="040"><subfield code="a">NOP</subfield><subfield code="b">eng</subfield><subfield code="c">NOP</subfield><subfield code="d">OCLCQ</subfield></datafield><datafield ind1=" " ind2=" " tag="042"><subfield code="a">msc</subfield></datafield><datafield ind1="0" ind2="0" tag="245"><subfield code="a">Valley City and Barnes County times-record.</subfield></datafield><datafield ind1="3" ind2="0" tag="246"><subfield code="a">Valley City and Barnes County times-record the Dakota press</subfield></datafield><datafield ind1=" " ind2=" " tag="260"><subfield code="a">Valley City, N.D. :</subfield><subfield code="b">Barnes County Times-Record, Inc.</subfield></datafield><datafield ind1=" " ind2=" " tag="300"><subfield code="a">23 v. :</subfield><subfield code="b">ill. ;</subfield><subfield code="c">55-57 cm.</subfield></datafield><datafield ind1=" " ind2=" " tag="310"><subfield code="a">Daily (except Saturday, Sunday and holidays)</subfield></datafield><datafield ind1="0" ind2=" " tag="362"><subfield code="a">Vol. 62, no. 98 (Jan. 8, 1962)-v. 85, no. 221 (Aug. 31, 1964).</subfield></datafield><datafield ind1=" " ind2=" " tag="500"><subfield code="a">Official paper of Barnes County and Valley City, 1962-1964.</subfield></datafield><datafield ind1=" " ind2=" " tag="500"><subfield code="a">Publisher's block reads: Valley City and Barnes County times-record the Dakota press, 1962-1964.</subfield></datafield><datafield ind1=" " ind2=" " tag="530"><subfield code="a">Available on microfilm from the State Historical Society of North Dakota.</subfield></datafield><datafield ind1=" " ind2=" " tag="752"><subfield code="a">United States</subfield><subfield code="b">North Dakota</subfield><subfield code="c">Barnes</subfield><subfield code="d">Valley City.</subfield></datafield><datafield ind1="0" ind2="0" tag="780"><subfield code="t">Valley City times-record and the Barnes County news</subfield><subfield code="w">(DLC)sn 89074279</subfield></datafield><datafield ind1="0" ind2="0" tag="785"><subfield code="t">Valley City times-record (Valley City, N.D. : 1964)</subfield><subfield code="w">(DLC)sn 89074281</subfield></datafield></record>